***** Drupal vs Joomla vs Wordpress *****

@misc{popularite1,
journal={Dimension Marketing},
title={Quel est le CMS le plus populaire en 2013 ?},
note={http://www.dimension-marketing.ch/quel-est-le-cms-le-plus-populaire-en-2013/}
}

@misc{comparatif1,
author={Robert Mening},
journal={Website Setup},
title={WordPress vs Joomla vs Drupal, CMS comparison chart},
note={http://websitesetup.org/cms-comparison-wordpress-vs-joomla-drupal/}
}

@misc{comparatif2,
author={Arnaud de La Bouillerie},
journal={Canal Web},
year={2013},
month={avr},
title={WordPress, Drupal, Joomla : Quel CMS choisir pour un site de contenu?},
note={http://blog.canal-web.fr/bouillerie/contenu-web/wordpress-drupal-joomla-comparatif-cms-site-contenu/}
}

@misc{comparatif3,
journal={Flocon de toile},
year={2014},
month={jun},
title={Pourquoi choisir (ou pas) Drupal ?},
note={http://flocondetoile.fr/blog/pourquoi-choisir-ou-pas-drupal}
}


***** Drupal *****

Module Photo/galerie

@misc{DrupalGalerie1,
journal={MegaDrupal},
title={Creating an image gallery in Drupal 7},
note={http://megadrupal.com/blog/creating-an-image-gallery-in-drupal-7}
}

Multi upload
@misc{DrupalGalerie2,
journal={Drupal.org},
year={2013},
month={dec},
title={How to Create an Image Gallery in Drupal},
note={https://www.drupal.org/node/2152441}
}